% This file was created with JabRef 2.10.
% Encoding: UTF-8


@InProceedings{DBLP:conf/ieeevast/TatuMFBSSK12,
  Title                    = {Subspace search and visualization to make sense of alternative clusterings
 in high-dimensional data},
  Author                   = {Andrada Tatu and
 Fabian Maass and
 Ines F{\"{a}}rber and
 Enrico Bertini and
 Tobias Schreck and
 Thomas Seidl and
 Daniel A. Keim},
  Booktitle                = {2012 {IEEE} Conference on Visual Analytics Science and Technology,
 {VAST} 2012, Seattle, WA, USA, October 14-19, 2012},
  Year                     = {2012},
  Pages                    = {63--72},

  __markedentry            = {[chufanlai:3]},
  Bibsource                = {dblp computer science bibliography, http://dblp.org},
  Biburl                   = {http://dblp.uni-trier.de/rec/bib/conf/ieeevast/TatuMFBSSK12},
  Crossref                 = {DBLP:conf/ieeevast/2012},
  Doi                      = {10.1109/VAST.2012.6400488},
  Owner                    = {chufanlai},
  Timestamp                = {Thu, 18 Dec 2014 19:46:22 +0100},
  Url                      = {http://dx.doi.org/10.1109/VAST.2012.6400488}
}

@Article{absil2004riemannian,
  Title                    = {Riemannian geometry of Grassmann manifolds with a view on algorithmic computation},
  Author                   = {Absil, P-A and Mahony, Robert and Sepulchre, Rodolphe},
  Journal                  = {Acta Applicandae Mathematica},
  Year                     = {2004},
  Number                   = {2},
  Pages                    = {199--220},
  Volume                   = {80},

  __markedentry            = {[chufanlai:2]},
  Owner                    = {chufanlai},
  Publisher                = {Springer},
  Timestamp                = {2016.01.29}
}

@InProceedings{DBLP:conf/ieeevast/AlbuquerqueEM11,
  Title                    = {Perception-based visual quality measures},
  Author                   = {Georgia Albuquerque and
 Martin Eisemann and
 Marcus A. Magnor},
  Booktitle                = {2011 {IEEE} Conference on Visual Analytics Science and Technology,
 {VAST} 2011, Providence, Rhode Island, USA, October 23-28, 2011},
  Year                     = {2011},
  Pages                    = {13--20},

  __markedentry            = {[chufanlai:3]},
  Bibsource                = {dblp computer science bibliography, http://dblp.org},
  Biburl                   = {http://dblp.uni-trier.de/rec/bib/conf/ieeevast/AlbuquerqueEM11},
  Doi                      = {10.1109/VAST.2011.6102437},
  Owner                    = {chufanlai},
  Timestamp                = {Tue, 18 Nov 2014 16:59:05 +0100},
  Url                      = {http://dx.doi.org/10.1109/VAST.2011.6102437}
}

@InProceedings{Anand:2012:VPD:2478276.2478285,
  Title                    = {Visual Pattern Discovery Using Random Projections},
  Author                   = {Anand, Anushka and Dang, Tuan Nhon and Wilkinson, Leland},
  Booktitle                = {Proceedings of the 2012 IEEE Conference on Visual Analytics Science and Technology (VAST)},
  Year                     = {2012},

  Address                  = {Washington, DC, USA},
  Pages                    = {43--52},
  Publisher                = {IEEE Computer Society},
  Series                   = {VAST '12},

  __markedentry            = {[chufanlai:1]},
  Acmid                    = {2478285},
  Doi                      = {10.1109/VAST.2012.6400490},
  ISBN                     = {978-1-4673-4752-5},
  Keywords                 = {Vectors,Data visualization,Data mining,Manifolds,Indexes,Visual analytics,High-dimensional Data,Random Projections},
  Numpages                 = {10},
  Owner                    = {chufanlai},
  Timestamp                = {2016.03.12},
  Url                      = {http://dx.doi.org/10.1109/VAST.2012.6400490}
}

@InProceedings{DBLP:conf/ieeevast/AnandWN12,
  Title                    = {Visual pattern discovery using random projections},
  Author                   = {Anushka Anand and
 Leland Wilkinson and
 Dang Tuan Nhon},
  Booktitle                = {2012 {IEEE} Conference on Visual Analytics Science and Technology,
 {VAST} 2012, Seattle, WA, USA, October 14-19, 2012},
  Year                     = {2012},
  Pages                    = {43--52},

  __markedentry            = {[chufanlai:3]},
  Bibsource                = {dblp computer science bibliography, http://dblp.org},
  Biburl                   = {http://dblp.uni-trier.de/rec/bib/conf/ieeevast/AnandWN12},
  Doi                      = {10.1109/VAST.2012.6400490},
  Owner                    = {chufanlai},
  Timestamp                = {Tue, 18 Nov 2014 16:59:05 +0100},
  Url                      = {http://dx.doi.org/10.1109/VAST.2012.6400490}
}

@Article{DBLP:journals/ijon/Aupetit07,
  Title                    = {Visualizing distortions and recovering topology in continuous projection
 techniques},
  Author                   = {Micha{\"{e}}l Aupetit},
  Journal                  = {Neurocomputing},
  Year                     = {2007},
  Number                   = {7-9},
  Pages                    = {1304--1330},
  Volume                   = {70},

  __markedentry            = {[chufanlai:3]},
  Bibsource                = {dblp computer science bibliography, http://dblp.org},
  Biburl                   = {http://dblp.uni-trier.de/rec/bib/journals/ijon/Aupetit07},
  Doi                      = {10.1016/j.neucom.2006.11.018},
  Owner                    = {chufanlai},
  Timestamp                = {Wed, 07 Nov 2007 13:31:51 +0100},
  Url                      = {http://dx.doi.org/10.1016/j.neucom.2006.11.018}
}

@Article{DBLP:journals/neco/BelkinN03,
  Title                    = {Laplacian Eigenmaps for Dimensionality Reduction and Data Representation},
  Author                   = {Mikhail Belkin and
 Partha Niyogi},
  Journal                  = {Neural Computation},
  Year                     = {2003},
  Number                   = {6},
  Pages                    = {1373--1396},
  Volume                   = {15},

  __markedentry            = {[chufanlai:2]},
  Bibsource                = {dblp computer science bibliography, http://dblp.org},
  Biburl                   = {http://dblp.uni-trier.de/rec/bib/journals/neco/BelkinN03},
  Doi                      = {10.1162/089976603321780317},
  Owner                    = {chufanlai},
  Timestamp                = {Thu, 17 Nov 2011 16:24:23 +0100},
  Url                      = {http://dx.doi.org/10.1162/089976603321780317}
}

@Article{DBLP:journals/tvcg/Bertini11,
  Title                    = {Quality Metrics in High-Dimensional Data Visualization: An Overview
 and Systematization},
  Author                   = {Enrico Bertini},
  Journal                  = {{IEEE} Trans. Vis. Comput. Graph.},
  Year                     = {2011},
  Number                   = {12},
  Pages                    = {2203--2212},
  Volume                   = {17},

  Bibsource                = {dblp computer science bibliography, http://dblp.org},
  Biburl                   = {http://dblp.uni-trier.de/rec/bib/journals/tvcg/Bertini11},
  Doi                      = {10.1109/TVCG.2011.229},
  Owner                    = {chufanlai},
  Timestamp                = {Tue, 08 Mar 2016 09:04:37 +0100},
  Url                      = {http://dx.doi.org/10.1109/TVCG.2011.229}
}

@Book{borg2005modern,
  Title                    = {Modern multidimensional scaling: Theory and applications},
  Author                   = {Borg, Ingwer and Groenen, Patrick JF},
  Publisher                = {Springer Science \& Business Media},
  Year                     = {2005},

  __markedentry            = {[chufanlai:2]},
  Owner                    = {chufanlai},
  Timestamp                = {2016.03.16}
}

@InProceedings{DBLP:conf/ieeevast/BrownLBC12,
  Title                    = {Dis-function: Learning distance functions interactively},
  Author                   = {Eli T. Brown and
 Jingjing Liu and
 Carla E. Brodley and
 Remco Chang},
  Booktitle                = {2012 {IEEE} Conference on Visual Analytics Science and Technology,
 {VAST} 2012, Seattle, WA, USA, October 14-19, 2012},
  Year                     = {2012},
  Pages                    = {83--92},

  __markedentry            = {[chufanlai:3]},
  Bibsource                = {dblp computer science bibliography, http://dblp.org},
  Biburl                   = {http://dblp.uni-trier.de/rec/bib/conf/ieeevast/BrownLBC12},
  Doi                      = {10.1109/VAST.2012.6400486},
  Owner                    = {chufanlai},
  Timestamp                = {Tue, 18 Nov 2014 16:59:05 +0100},
  Url                      = {http://dx.doi.org/10.1109/VAST.2012.6400486}
}

@InProceedings{Liu:2012:DLD:2478276.2478281,
  Title                    = {Dis-function: Learning Distance Functions Interactively},
  Author                   = {Brown, Eli T. and Liu, Jingjing and Chang, Remco and Brodley, Carla E.},
  Booktitle                = {Proceedings of the 2012 IEEE Conference on Visual Analytics Science and Technology (VAST)},
  Year                     = {2012},

  Address                  = {Washington, DC, USA},
  Pages                    = {83--92},
  Publisher                = {IEEE Computer Society},
  Series                   = {VAST '12},

  __markedentry            = {[chufanlai:1]},
  Acmid                    = {2478281},
  Doi                      = {10.1109/VAST.2012.6400486},
  ISBN                     = {978-1-4673-4752-5},
  Keywords                 = {Data visualization,Machine learning,Yttrium,Vectors,Bars,Euclidean distance},
  Numpages                 = {10},
  Owner                    = {chufanlai},
  Timestamp                = {2016.03.12},
  Url                      = {http://dx.doi.org/10.1109/VAST.2012.6400486}
}

@Article{DBLP:journals/tsp/CarterRH10,
  Title                    = {On local intrinsic dimension estimation and its applications},
  Author                   = {Kevin M. Carter and
 Raviv Raich and
 Alfred O. Hero III},
  Journal                  = {{IEEE} Trans. Signal Processing},
  Year                     = {2010},
  Number                   = {2},
  Pages                    = {650--663},
  Volume                   = {58},

  __markedentry            = {[chufanlai:3]},
  Bibsource                = {dblp computer science bibliography, http://dblp.org},
  Biburl                   = {http://dblp.uni-trier.de/rec/bib/journals/tsp/CarterRH10},
  Doi                      = {10.1109/TSP.2009.2031722},
  Owner                    = {chufanlai},
  Timestamp                = {Wed, 09 Mar 2016 16:11:23 +0100},
  Url                      = {http://dx.doi.org/10.1109/TSP.2009.2031722}
}

@Article{DBLP:journals/tois/ChenL06,
  Title                    = {iVIBRATE: Interactive visualization-based framework for clustering
 large datasets},
  Author                   = {Keke Chen and
 Ling Liu},
  Journal                  = {{ACM} Trans. Inf. Syst.},
  Year                     = {2006},
  Number                   = {2},
  Pages                    = {245--294},
  Volume                   = {24},

  __markedentry            = {[chufanlai:3]},
  Bibsource                = {dblp computer science bibliography, http://dblp.org},
  Biburl                   = {http://dblp.uni-trier.de/rec/bib/journals/tois/ChenL06},
  Doi                      = {10.1145/1148024},
  Owner                    = {chufanlai},
  Timestamp                = {Tue, 06 Mar 2007 08:54:15 +0100},
  Url                      = {http://doi.acm.org/10.1145/1148024}
}

@InProceedings{DBLP:conf/ieeevast/ChooLKP10,
  Title                    = {iVisClassifier: An interactive visual analytics system for classification
 based on supervised dimension reduction},
  Author                   = {Jaegul Choo and
 Hanseung Lee and
 Jaeyeon Kihm and
 Haesun Park},
  Booktitle                = {Proceedings of the {IEEE} Conference on Visual Analytics Science and
 Technology, {IEEE} {VAST} 2010, Salt Lake City, Utah, USA, 24-29 October
 2010, part of VisWeek 2010},
  Year                     = {2010},
  Pages                    = {27--34},

  __markedentry            = {[chufanlai:3]},
  Bibsource                = {dblp computer science bibliography, http://dblp.org},
  Biburl                   = {http://dblp.uni-trier.de/rec/bib/conf/ieeevast/ChooLKP10},
  Doi                      = {10.1109/VAST.2010.5652443},
  Owner                    = {chufanlai},
  Timestamp                = {Tue, 18 Nov 2014 16:59:05 +0100},
  Url                      = {http://dx.doi.org/10.1109/VAST.2010.5652443}
}

@Article{cook1995grand,
  Title                    = {Grand tour and projection pursuit},
  Author                   = {Cook, Dianne and Buja, Andreas and Cabrera, Javier and Hurley, Catherine},
  Journal                  = {Journal of Computational and Graphical Statistics},
  Year                     = {1995},
  Number                   = {3},
  Pages                    = {155--172},
  Volume                   = {4},

  __markedentry            = {[chufanlai:2]},
  Owner                    = {chufanlai},
  Publisher                = {Taylor \& Francis},
  Timestamp                = {2016.03.12}
}

@Article{DBLP:journals/tvcg/ElmqvistDF08,
  Title                    = {Rolling the Dice: Multidimensional Visual Exploration using Scatterplot
 Matrix Navigation},
  Author                   = {Niklas Elmqvist and
 Pierre Dragicevic and
 Jean{-}Daniel Fekete},
  Journal                  = {{IEEE} Trans. Vis. Comput. Graph.},
  Year                     = {2008},
  Number                   = {6},
  Pages                    = {1539--1148},
  Volume                   = {14},

  __markedentry            = {[chufanlai:3]},
  Bibsource                = {dblp computer science bibliography, http://dblp.org},
  Biburl                   = {http://dblp.uni-trier.de/rec/bib/journals/tvcg/ElmqvistDF08},
  Doi                      = {10.1109/TVCG.2008.153},
  Owner                    = {chufanlai},
  Timestamp                = {Mon, 07 Nov 2011 16:59:18 +0100},
  Url                      = {http://doi.ieeecomputersociety.org/10.1109/TVCG.2008.153}
}

@Article{DBLP:journals/tvcg/EtemadpourMPMOL15,
  Title                    = {Perception-Based Evaluation of Projection Methods for Multidimensional
 Data Visualization},
  Author                   = {Ronak Etemadpour and
 Robson Motta and
 Jose Gustavo de Souza Paiva and
 Rosane Minghim and
 Maria Cristina Ferreira de Oliveira and
 Lars Linsen},
  Journal                  = {{IEEE} Trans. Vis. Comput. Graph.},
  Year                     = {2015},
  Number                   = {1},
  Pages                    = {81--94},
  Volume                   = {21},

  __markedentry            = {[chufanlai:3]},
  Bibsource                = {dblp computer science bibliography, http://dblp.org},
  Biburl                   = {http://dblp.uni-trier.de/rec/bib/journals/tvcg/EtemadpourMPMOL15},
  Doi                      = {10.1109/TVCG.2014.2330617},
  Owner                    = {chufanlai},
  Timestamp                = {Mon, 07 Mar 2016 17:32:01 +0100},
  Url                      = {http://dx.doi.org/10.1109/TVCG.2014.2330617}
}

@Article{DBLP:journals/tc/FriedmanT74,
  Title                    = {A Projection Pursuit Algorithm for Exploratory Data Analysis},
  Author                   = {Jerome H. Friedman and
 John W. Tukey},
  Journal                  = {{IEEE} Trans. Computers},
  Year                     = {1974},
  Number                   = {9},
  Pages                    = {881--890},
  Volume                   = {23},

  __markedentry            = {[chufanlai:3]},
  Bibsource                = {dblp computer science bibliography, http://dblp.org},
  Biburl                   = {http://dblp.uni-trier.de/rec/bib/journals/tc/FriedmanT74},
  Doi                      = {10.1109/T-C.1974.224051},
  Owner                    = {chufanlai},
  Timestamp                = {Tue, 22 Dec 2015 15:17:18 +0100},
  Url                      = {http://dx.doi.org/10.1109/T-C.1974.224051}
}

@Article{Friedman:1974:PPA:1311083.1311448,
  Title                    = {A Projection Pursuit Algorithm for Exploratory Data Analysis},
  Author                   = {Friedman, J. H. and Tukey, J. W.},
  Journal                  = {IEEE Trans. Comput.},
  Year                     = {1974},

  Month                    = sep,
  Number                   = {9},
  Pages                    = {881--890},
  Volume                   = {23},

  __markedentry            = {[chufanlai:1]},
  Acmid                    = {1311448},
  Address                  = {Washington, DC, USA},
  Doi                      = {10.1109/T-C.1974.224051},
  ISSN                     = {0018-9340},
  Issue_date               = {September 1974},
  Keywords                 = {Clustering, dimensionality reduction, mappings, multidimensional scaling, multivariate data analysis, nonparametric pattern recognition, statistics.},
  Numpages                 = {10},
  Owner                    = {chufanlai},
  Publisher                = {IEEE Computer Society},
  Timestamp                = {2016.03.12},
  Url                      = {http://dx.doi.org/10.1109/T-C.1974.224051}
}

@Article{DBLP:journals/tvcg/Gleicher13,
  Title                    = {Explainers: Expert Explorations with Crafted Projections},
  Author                   = {Michael Gleicher},
  Journal                  = {{IEEE} Trans. Vis. Comput. Graph.},
  Year                     = {2013},
  Number                   = {12},
  Pages                    = {2042--2051},
  Volume                   = {19},

  __markedentry            = {[chufanlai:3]},
  Bibsource                = {dblp computer science bibliography, http://dblp.org},
  Biburl                   = {http://dblp.uni-trier.de/rec/bib/journals/tvcg/Gleicher13},
  Doi                      = {10.1109/TVCG.2013.157},
  Owner                    = {chufanlai},
  Timestamp                = {Tue, 08 Mar 2016 09:04:38 +0100},
  Url                      = {http://dx.doi.org/10.1109/TVCG.2013.157}
}

@InProceedings{DBLP:conf/nips/HeN03,
  Title                    = {Locality Preserving Projections},
  Author                   = {Xiaofei He and
 Partha Niyogi},
  Booktitle                = {Advances in Neural Information Processing Systems 16 [Neural Information
 Processing Systems, {NIPS} 2003, December 8-13, 2003, Vancouver and
 Whistler, British Columbia, Canada]},
  Year                     = {2003},
  Pages                    = {153--160},

  __markedentry            = {[chufanlai:2]},
  Bibsource                = {dblp computer science bibliography, http://dblp.org},
  Biburl                   = {http://dblp.uni-trier.de/rec/bib/conf/nips/HeN03},
  Owner                    = {chufanlai},
  Timestamp                = {Thu, 11 Dec 2014 17:34:07 +0100},
  Url                      = {http://papers.nips.cc/paper/2359-locality-preserving-projections}
}

@Article{DBLP:journals/tvcg/HuBMHNL13,
  Title                    = {Semantics of Directly Manipulating Spatializations},
  Author                   = {Xinran Hu and
 Lauren Bradel and
 Dipayan Maiti and
 Leanna House and
 Chris North and
 Scotland Leman},
  Journal                  = {{IEEE} Trans. Vis. Comput. Graph.},
  Year                     = {2013},
  Number                   = {12},
  Pages                    = {2052--2059},
  Volume                   = {19},

  __markedentry            = {[chufanlai:3]},
  Bibsource                = {dblp computer science bibliography, http://dblp.org},
  Biburl                   = {http://dblp.uni-trier.de/rec/bib/journals/tvcg/HuBMHNL13},
  Doi                      = {10.1109/TVCG.2013.188},
  Owner                    = {chufanlai},
  Timestamp                = {Fri, 15 Nov 2013 19:50:30 +0100},
  Url                      = {http://dx.doi.org/10.1109/TVCG.2013.188}
}

@InProceedings{DBLP:conf/ieeevast/IngramMITBM10,
  Title                    = {DimStiller: Workflows for dimensional analysis and reduction},
  Author                   = {Stephen Ingram and
 Tamara Munzner and
 Veronika Irvine and
 Melanie Tory and
 Steven Bergner and
 Torsten M{\"{o}}ller},
  Booktitle                = {Proceedings of the {IEEE} Conference on Visual Analytics Science and
 Technology, {IEEE} {VAST} 2010, Salt Lake City, Utah, USA, 24-29 October
 2010, part of VisWeek 2010},
  Year                     = {2010},
  Pages                    = {3--10},

  __markedentry            = {[chufanlai:3]},
  Bibsource                = {dblp computer science bibliography, http://dblp.org},
  Biburl                   = {http://dblp.uni-trier.de/rec/bib/conf/ieeevast/IngramMITBM10},
  Doi                      = {10.1109/VAST.2010.5652392},
  Owner                    = {chufanlai},
  Timestamp                = {Tue, 18 Nov 2014 16:59:05 +0100},
  Url                      = {http://dx.doi.org/10.1109/VAST.2010.5652392}
}

@InProceedings{Jeong:2009:IIS:2421899.2421907,
  Title                    = {iPCA: An Interactive System for PCA-based Visual Analytics},
  Author                   = {Jeong, Dong Hyun and Ziemkiewicz, Caroline and Fisher, Brian and Ribarsky, William and Chang, Remco},
  Booktitle                = {Proceedings of the 11th Eurographics / IEEE - VGTC Conference on Visualization},
  Year                     = {2009},

  Address                  = {Chichester, UK},
  Pages                    = {767--774},
  Publisher                = {The Eurographs Association \&\#38; John Wiley \&\#38; Sons, Ltd.},
  Series                   = {EuroVis'09},

  __markedentry            = {[chufanlai:1]},
  Acmid                    = {2421907},
  Doi                      = {10.1111/j.1467-8659.2009.01475.x},
  Location                 = {Berlin, Germany},
  Numpages                 = {8},
  Owner                    = {chufanlai},
  Timestamp                = {2016.03.12},
  Url                      = {http://dx.doi.org/10.1111/j.1467-8659.2009.01475.x}
}

@Article{DBLP:journals/cgf/JeongZFRC09,
  Title                    = {iPCA: An Interactive System for PCA-based Visual Analytics},
  Author                   = {Dong Hyun Jeong and
 Caroline Ziemkiewicz and
 Brian D. Fisher and
 William Ribarsky and
 Remco Chang},
  Journal                  = {Comput. Graph. Forum},
  Year                     = {2009},
  Number                   = {3},
  Pages                    = {767--774},
  Volume                   = {28},

  __markedentry            = {[chufanlai:3]},
  Bibsource                = {dblp computer science bibliography, http://dblp.org},
  Biburl                   = {http://dblp.uni-trier.de/rec/bib/journals/cgf/JeongZFRC09},
  Doi                      = {10.1111/j.1467-8659.2009.01475.x},
  Owner                    = {chufanlai},
  Timestamp                = {Fri, 06 May 2011 09:23:52 +0200},
  Url                      = {http://dx.doi.org/10.1111/j.1467-8659.2009.01475.x}
}

@Article{DBLP:journals/tvcg/JohanssonJ09,
  Title                    = {Interactive Dimensionality Reduction Through User-defined Combinations
 of Quality Metrics},
  Author                   = {Sara Johansson and Jimmy Johansson},
  Journal                  = {{IEEE} Trans. Vis. Comput. Graph.},
  Year                     = {2009},
  Number                   = {6},
  Pages                    = {993--1000},
  Volume                   = {15},

  __markedentry            = {[chufanlai:3]},
  Bibsource                = {dblp computer science bibliography, http://dblp.org},
  Biburl                   = {http://dblp.uni-trier.de/rec/bib/journals/tvcg/YuanGXZQ09},
  Doi                      = {10.1109/TVCG.2009.153},
  Owner                    = {chufanlai},
  Timestamp                = {Tue, 08 Mar 2016 09:04:40 +0100},
  Url                      = {http://dx.doi.org/10.1109/TVCG.2009.153}
}

@Article{Johansson:2009:IDR:1638611.1639200,
  Title                    = {Interactive Dimensionality Reduction Through User-defined Combinations of Quality Metrics},
  Author                   = {Johansson, Sara and Johansson, Jimmy},
  Journal                  = {IEEE Transactions on Visualization and Computer Graphics},
  Year                     = {2009},

  Month                    = nov,
  Number                   = {6},
  Pages                    = {993--1000},
  Volume                   = {15},

  __markedentry            = {[chufanlai:1]},
  Acmid                    = {1639200},
  Address                  = {Piscataway, NJ, USA},
  Doi                      = {10.1109/TVCG.2009.153},
  ISSN                     = {1077-2626},
  Issue_date               = {November 2009},
  Keywords                 = {Information Visualization, Multidimensional Scaling, Parallel Coordinates, Parallel Coordinates, Scatterplots, Information Visualization, Multidimensional Scaling, Scatterplots},
  Numpages                 = {8},
  Owner                    = {chufanlai},
  Publisher                = {IEEE Educational Activities Department},
  Timestamp                = {2016.03.12},
  Url                      = {http://dx.doi.org/10.1109/TVCG.2009.153}
}

@Article{DBLP:journals/tvcg/JoiaCCPN11,
  Title                    = {Local Affine Multidimensional Projection},
  Author                   = {Paulo Joia and
 Danilo Coimbra and
 Jos{\'{e}} Alberto Cuminato and
 Fernando Vieira Paulovich and
 Luis Gustavo Nonato},
  Journal                  = {{IEEE} Trans. Vis. Comput. Graph.},
  Year                     = {2011},
  Number                   = {12},
  Pages                    = {2563--2571},
  Volume                   = {17},

  __markedentry            = {[chufanlai:3]},
  Bibsource                = {dblp computer science bibliography, http://dblp.org},
  Biburl                   = {http://dblp.uni-trier.de/rec/bib/journals/tvcg/JoiaCCPN11},
  Doi                      = {10.1109/TVCG.2011.220},
  Owner                    = {chufanlai},
  Timestamp                = {Tue, 08 Mar 2016 09:04:38 +0100},
  Url                      = {http://dx.doi.org/10.1109/TVCG.2011.220}
}

@Article{Joia:2011:LAM:2068462.2068681,
  Title                    = {Local Affine Multidimensional Projection},
  Author                   = {Joia, Paulo and Coimbra, Danilo and Cuminato, Jose A. and Paulovich, Fernando V. and Nonato, Luis G.},
  Journal                  = {IEEE Transactions on Visualization and Computer Graphics},
  Year                     = {2011},

  Month                    = dec,
  Number                   = {12},
  Pages                    = {2563--2571},
  Volume                   = {17},

  __markedentry            = {[chufanlai:1]},
  Acmid                    = {2068681},
  Address                  = {Piscataway, NJ, USA},
  Doi                      = {10.1109/TVCG.2011.220},
  ISSN                     = {1077-2626},
  Issue_date               = {December 2011},
  Keywords                 = {Multidimensional Projection, High Dimensional Data, Visual Data Mining.},
  Numpages                 = {9},
  Owner                    = {chufanlai},
  Publisher                = {IEEE Educational Activities Department},
  Timestamp                = {2016.03.12},
  Url                      = {http://dx.doi.org/10.1109/TVCG.2011.220}
}

@Book{jolliffe2002principal,
  Title                    = {Principal component analysis},
  Author                   = {Jolliffe, Ian},
  Publisher                = {Wiley Online Library},
  Year                     = {2002},

  __markedentry            = {[chufanlai:2]},
  Owner                    = {chufanlai},
  Timestamp                = {2016.03.16}
}

@InProceedings{DBLP:conf/ieeevast/Kandogan12,
  Title                    = {Just-in-time annotation of clusters, outliers, and trends in point-based
 data visualizations},
  Author                   = {Eser Kandogan},
  Booktitle                = {2012 {IEEE} Conference on Visual Analytics Science and Technology,
 {VAST} 2012, Seattle, WA, USA, October 14-19, 2012},
  Year                     = {2012},
  Pages                    = {73--82},

  __markedentry            = {[chufanlai:3]},
  Bibsource                = {dblp computer science bibliography, http://dblp.org},
  Biburl                   = {http://dblp.uni-trier.de/rec/bib/conf/ieeevast/Kandogan12},
  Doi                      = {10.1109/VAST.2012.6400487},
  Owner                    = {chufanlai},
  Timestamp                = {Tue, 18 Nov 2014 16:59:05 +0100},
  Url                      = {http://dx.doi.org/10.1109/VAST.2012.6400487}
}

@InProceedings{Kandogan:2012:JAC:2478276.2478282,
  Title                    = {Just-in-time Annotation of Clusters, Outliers, and Trends in Point-based Data Visualizations},
  Author                   = {Kandogan, Eser},
  Booktitle                = {Proceedings of the 2012 IEEE Conference on Visual Analytics Science and Technology (VAST)},
  Year                     = {2012},

  Address                  = {Washington, DC, USA},
  Pages                    = {73--82},
  Publisher                = {IEEE Computer Society},
  Series                   = {VAST '12},

  __markedentry            = {[chufanlai:1]},
  Acmid                    = {2478282},
  Doi                      = {10.1109/VAST.2012.6400487},
  ISBN                     = {978-1-4673-4752-5},
  Keywords                 = {Data visualization,Market research,Semantics,Feature extraction,Visualization,Clustering algorithms,Data mining,point-based visualizations,Just-in-time descriptive analytics,feature identification and characterization},
  Numpages                 = {10},
  Owner                    = {chufanlai},
  Timestamp                = {2016.03.12},
  Url                      = {http://dx.doi.org/10.1109/VAST.2012.6400487}
}

@Book{kruskal1978multidimensional,
  Title                    = {Multidimensional scaling},
  Author                   = {Kruskal, Joseph B and Wish, Myron},
  Publisher                = {Sage},
  Year                     = {1978},
  Volume                   = {11},

  __markedentry            = {[chufanlai:2]},
  Owner                    = {chufanlai},
  Timestamp                = {2016.03.16}
}

@Article{Lee:2012:IIV:2322389.2322393,
  Title                    = {iVisClustering: An Interactive Visual Document Clustering via Topic Modeling},
  Author                   = {Lee, Hanseung and Kihm, Jaeyeon and Choo, Jaegul and Stasko, John and Park, Haesun},
  Journal                  = {Comput. Graph. Forum},
  Year                     = {2012},

  Month                    = jun,
  Number                   = {3pt3},
  Pages                    = {1155--1164},
  Volume                   = {31},

  __markedentry            = {[chufanlai:1]},
  Acmid                    = {2322393},
  Address                  = {Chichester, UK},
  Doi                      = {10.1111/j.1467-8659.2012.03108.x},
  ISSN                     = {0167-7055},
  Issue_date               = {June 2012},
  Keywords                 = {Database Management [H.2.8]: Database Applications\&\#x2014;Data mining, Information Systems [H.1.2]: User/Machine Systems\&\#x2014;Human information processing},
  Numpages                 = {10},
  Owner                    = {chufanlai},
  Publisher                = {The Eurographs Association \&\#38; John Wiley \&\#38; Sons, Ltd.},
  Timestamp                = {2016.03.12},
  Url                      = {http://dx.doi.org/10.1111/j.1467-8659.2012.03108.x}
}

@Article{DBLP:journals/cgf/LeeKCSP12,
  Title                    = {iVisClustering: An Interactive Visual Document Clustering via Topic
 Modeling},
  Author                   = {Hanseung Lee and
 Jaeyeon Kihm and
 Jaegul Choo and
 John T. Stasko and
 Haesun Park},
  Journal                  = {Comput. Graph. Forum},
  Year                     = {2012},
  Number                   = {3},
  Pages                    = {1155--1164},
  Volume                   = {31},

  __markedentry            = {[chufanlai:3]},
  Bibsource                = {dblp computer science bibliography, http://dblp.org},
  Biburl                   = {http://dblp.uni-trier.de/rec/bib/journals/cgf/LeeKCSP12},
  Doi                      = {10.1111/j.1467-8659.2012.03108.x},
  Owner                    = {chufanlai},
  Timestamp                = {Thu, 06 Sep 2012 16:52:43 +0200},
  Url                      = {http://dx.doi.org/10.1111/j.1467-8659.2012.03108.x}
}

@Article{DBLP:journals/tvcg/LehmannT13,
  Title                    = {Orthographic Star Coordinates},
  Author                   = {Dirk J. Lehmann and
 Holger Theisel},
  Journal                  = {{IEEE} Trans. Vis. Comput. Graph.},
  Year                     = {2013},
  Number                   = {12},
  Pages                    = {2615--2624},
  Volume                   = {19},

  __markedentry            = {[chufanlai:3]},
  Bibsource                = {dblp computer science bibliography, http://dblp.org},
  Biburl                   = {http://dblp.uni-trier.de/rec/bib/journals/tvcg/LehmannT13},
  Doi                      = {10.1109/TVCG.2013.182},
  Owner                    = {chufanlai},
  Timestamp                = {Fri, 15 Nov 2013 19:50:30 +0100},
  Url                      = {http://dx.doi.org/10.1109/TVCG.2013.182}
}

@Article{Lehmann:2013:OSC:2553699.2553776,
  Title                    = {Orthographic Star Coordinates},
  Author                   = {Lehmann, Dirk J. and Theisel, Holger},
  Journal                  = {IEEE Transactions on Visualization and Computer Graphics},
  Year                     = {2013},

  Month                    = dec,
  Number                   = {12},
  Pages                    = {2615--2624},
  Volume                   = {19},

  __markedentry            = {[chufanlai:1]},
  Acmid                    = {2553776},
  Address                  = {Piscataway, NJ, USA},
  Doi                      = {10.1109/TVCG.2013.182},
  ISSN                     = {1077-2626},
  Issue_date               = {December 2013},
  Keywords                 = {Start plot, multivariate visualization, visual analytics},
  Numpages                 = {10},
  Owner                    = {chufanlai},
  Publisher                = {IEEE Educational Activities Department},
  Timestamp                = {2016.03.12},
  Url                      = {http://dx.doi.org/10.1109/TVCG.2013.182}
}

@Article{DBLP:journals/cgf/LiuWBP14,
  Title                    = {Distortion-Guided Structure-Driven Interactive Exploration of High-Dimensional
 Data},
  Author                   = {Shusen Liu and
 Bei Wang and
 Peer{-}Timo Bremer and
 Valerio Pascucci},
  Journal                  = {Comput. Graph. Forum},
  Year                     = {2014},
  Number                   = {3},
  Pages                    = {101--110},
  Volume                   = {33},

  __markedentry            = {[chufanlai:3]},
  Bibsource                = {dblp computer science bibliography, http://dblp.org},
  Biburl                   = {http://dblp.uni-trier.de/rec/bib/journals/cgf/LiuWBP14},
  Doi                      = {10.1111/cgf.12366},
  Owner                    = {chufanlai},
  Timestamp                = {Thu, 29 Jan 2015 15:09:16 +0100},
  Url                      = {http://dx.doi.org/10.1111/cgf.12366}
}

@Article{DBLP:journals/cgf/LiuWTBP15,
  Title                    = {Visual Exploration of High-Dimensional Data through Subspace Analysis
 and Dynamic Projections},
  Author                   = {Shusen Liu and
 Bei Wang and
 Jayaraman J. Thiagarajan and
 Peer{-}Timo Bremer and
 Valerio Pascucci},
  Journal                  = {Comput. Graph. Forum},
  Year                     = {2015},
  Number                   = {3},
  Pages                    = {271--280},
  Volume                   = {34},

  __markedentry            = {[chufanlai:3]},
  Bibsource                = {dblp computer science bibliography, http://dblp.org},
  Biburl                   = {http://dblp.uni-trier.de/rec/bib/journals/cgf/LiuWTBP15},
  Doi                      = {10.1111/cgf.12639},
  Owner                    = {chufanlai},
  Timestamp                = {Fri, 21 Aug 2015 13:42:42 +0200},
  Url                      = {http://dx.doi.org/10.1111/cgf.12639}
}

@Article{Liu:2015:VEH:2858877.2858906,
  Title                    = {Visual Exploration of High-Dimensional Data Through Subspace Analysis and Dynamic Projections},
  Author                   = {Liu, S. and Wang, B. and Thiagarajan, J. J. and Bremer, P.-T. and Pascucci, V.},
  Journal                  = {Comput. Graph. Forum},
  Year                     = {2015},

  Month                    = jun,
  Number                   = {3},
  Pages                    = {271--280},
  Volume                   = {34},

  __markedentry            = {[chufanlai:1]},
  Acmid                    = {2858906},
  Address                  = {Chichester, UK},
  Doi                      = {10.1111/cgf.12639},
  ISSN                     = {0167-7055},
  Issue_date               = {June 2015},
  Keywords                 = {Categories and Subject Descriptors according to ACM CCS, I.3.3 [Computer Graphics]: Picture/Image Generation-Line and curve generation},
  Numpages                 = {10},
  Owner                    = {chufanlai},
  Publisher                = {The Eurographs Association \&\#38; John Wiley \&\#38; Sons, Ltd.},
  Timestamp                = {2016.03.12},
  Url                      = {http://dx.doi.org/10.1111/cgf.12639}
}

@Article{DBLP:journals/cg/MartinsCMT14,
  Title                    = {Visual analysis of dimensionality reduction quality for parameterized
 projections},
  Author                   = {Rafael Messias Martins and
 Danilo Barbosa Coimbra and
 Rosane Minghim and
 Alexandru C. Telea},
  Journal                  = {Computers {\&} Graphics},
  Year                     = {2014},
  Pages                    = {26--42},
  Volume                   = {41},

  __markedentry            = {[chufanlai:3]},
  Bibsource                = {dblp computer science bibliography, http://dblp.org},
  Biburl                   = {http://dblp.uni-trier.de/rec/bib/journals/cg/MartinsCMT14},
  Doi                      = {10.1016/j.cag.2014.01.006},
  Owner                    = {chufanlai},
  Timestamp                = {Fri, 13 Nov 2015 12:59:44 +0100},
  Url                      = {http://dx.doi.org/10.1016/j.cag.2014.01.006}
}

@InProceedings{DBLP:conf/ieeevast/MayBDRK11,
  Title                    = {Guiding feature subset selection with an interactive visualization},
  Author                   = {Thorsten May and
 Andreas Bannach and
 James Davey and
 Tobias Ruppert and
 J{\"{o}}rn Kohlhammer},
  Booktitle                = {2011 {IEEE} Conference on Visual Analytics Science and Technology,
 {VAST} 2011, Providence, Rhode Island, USA, October 23-28, 2011},
  Year                     = {2011},
  Pages                    = {111--120},

  __markedentry            = {[chufanlai:3]},
  Bibsource                = {dblp computer science bibliography, http://dblp.org},
  Biburl                   = {http://dblp.uni-trier.de/rec/bib/conf/ieeevast/MayBDRK11},
  Doi                      = {10.1109/VAST.2011.6102448},
  Owner                    = {chufanlai},
  Timestamp                = {Tue, 18 Nov 2014 16:59:05 +0100},
  Url                      = {http://dx.doi.org/10.1109/VAST.2011.6102448}
}

@InProceedings{DBLP:conf/ieeevast/NamHMZI07,
  Title                    = {ClusterSculptor: {A} Visual Analytics Tool for High-Dimensional Data},
  Author                   = {Eun Ju Nam and
 Yiping Han and
 Klaus Mueller and
 Alla Zelenyuk and
 Dan Imre},
  Booktitle                = {Proceedings of the {IEEE} Symposium on Visual Analytics Science and
 Technology, {IEEE} {VAST} 2007, Sacramento, California, USA, October
 30-November 1, 2007},
  Year                     = {2007},
  Pages                    = {75--82},

  __markedentry            = {[chufanlai:3]},
  Bibsource                = {dblp computer science bibliography, http://dblp.org},
  Biburl                   = {http://dblp.uni-trier.de/rec/bib/conf/ieeevast/NamHMZI07},
  Doi                      = {10.1109/VAST.2007.4388999},
  Owner                    = {chufanlai},
  Timestamp                = {Tue, 18 Nov 2014 16:59:05 +0100},
  Url                      = {http://dx.doi.org/10.1109/VAST.2007.4388999}
}

@Article{DBLP:journals/tvcg/NamM13,
  Title                    = {TripAdvisor\({}^{\mbox{N-D}}\): {A} Tourism-Inspired High-Dimensional
 Space Exploration Framework with Overview and Detail},
  Author                   = {Julia Eunju Nam and
 Klaus Mueller},
  Journal                  = {{IEEE} Trans. Vis. Comput. Graph.},
  Year                     = {2013},
  Number                   = {2},
  Pages                    = {291--305},
  Volume                   = {19},

  __markedentry            = {[chufanlai:3]},
  Bibsource                = {dblp computer science bibliography, http://dblp.org},
  Biburl                   = {http://dblp.uni-trier.de/rec/bib/journals/tvcg/NamM13},
  Doi                      = {10.1109/TVCG.2012.65},
  Owner                    = {chufanlai},
  Timestamp                = {Wed, 12 Dec 2012 21:28:42 +0100},
  Url                      = {http://doi.ieeecomputersociety.org/10.1109/TVCG.2012.65}
}

@Article{Nam:2013:TTH:2420626.2420777,
  Title                    = {TripAdvisor^{N-D}: A Tourism-Inspired High-Dimensional Space Exploration Framework with Overview and Detail},
  Author                   = {Nam, Julia EunJu and Mueller, Klaus},
  Journal                  = {IEEE Transactions on Visualization and Computer Graphics},
  Year                     = {2013},

  Month                    = feb,
  Number                   = {2},
  Pages                    = {291--305},
  Volume                   = {19},

  __markedentry            = {[chufanlai:1]},
  Acmid                    = {2420777},
  Address                  = {Piscataway, NJ, USA},
  Doi                      = {10.1109/TVCG.2012.65},
  ISSN                     = {1077-2626},
  Issue_date               = {February 2013},
  Keywords                 = {High-dimensional data, coordinated and multiple views, zooming and navigation techniques, data transformation and representation, data clustering, visual analytics},
  Numpages                 = {15},
  Owner                    = {chufanlai},
  Publisher                = {IEEE Educational Activities Department},
  Timestamp                = {2016.03.12},
  Url                      = {http://dx.doi.org/10.1109/TVCG.2012.65}
}

@InProceedings{DBLP:conf/apvis/NhonW14,
  Title                    = {ScagExplorer: Exploring Scatterplots by Their Scagnostics},
  Author                   = {Dang Tuan Nhon and
 Leland Wilkinson},
  Booktitle                = {{IEEE} Pacific Visualization Symposium, PacificVis 2014, Yokohama,
 Japan, March 4-7, 2014},
  Year                     = {2014},
  Pages                    = {73--80},

  __markedentry            = {[chufanlai:3]},
  Bibsource                = {dblp computer science bibliography, http://dblp.org},
  Biburl                   = {http://dblp.uni-trier.de/rec/bib/conf/apvis/NhonW14},
  Doi                      = {10.1109/PacificVis.2014.42},
  Owner                    = {chufanlai},
  Timestamp                = {Wed, 24 Sep 2014 09:00:38 +0200},
  Url                      = {http://doi.ieeecomputersociety.org/10.1109/PacificVis.2014.42}
}

@Article{roweis2000nonlinear,
  Title                    = {Nonlinear dimensionality reduction by locally linear embedding},
  Author                   = {Roweis, Sam T and Saul, Lawrence K},
  Journal                  = {Science},
  Year                     = {2000},
  Number                   = {5500},
  Pages                    = {2323--2326},
  Volume                   = {290},

  __markedentry            = {[chufanlai:2]},
  Owner                    = {chufanlai},
  Publisher                = {American Association for the Advancement of Science},
  Timestamp                = {2016.03.16}
}

@Article{DBLP:journals/cgf/SedlmairTMT12,
  Title                    = {A Taxonomy of Visual Cluster Separation Factors},
  Author                   = {Michael Sedlmair and
 A. Tatu and
 Tamara Munzner and
 Melanie Tory},
  Journal                  = {Comput. Graph. Forum},
  Year                     = {2012},
  Number                   = {3},
  Pages                    = {1335--1344},
  Volume                   = {31},

  __markedentry            = {[chufanlai:3]},
  Bibsource                = {dblp computer science bibliography, http://dblp.org},
  Biburl                   = {http://dblp.uni-trier.de/rec/bib/journals/cgf/SedlmairTMT12},
  Doi                      = {10.1111/j.1467-8659.2012.03125.x},
  Owner                    = {chufanlai},
  Timestamp                = {Thu, 06 Sep 2012 16:52:43 +0200},
  Url                      = {http://dx.doi.org/10.1111/j.1467-8659.2012.03125.x}
}

@Article{DBLP:journals/ivs/SeoS05,
  Title                    = {A rank-by-feature framework for interactive exploration of multidimensional
 data},
  Author                   = {Jinwook Seo and
 Ben Shneiderman},
  Journal                  = {Information Visualization},
  Year                     = {2005},
  Number                   = {2},
  Pages                    = {96--113},
  Volume                   = {4},

  __markedentry            = {[chufanlai:3]},
  Bibsource                = {dblp computer science bibliography, http://dblp.org},
  Biburl                   = {http://dblp.uni-trier.de/rec/bib/journals/ivs/SeoS05},
  Doi                      = {10.1057/palgrave.ivs.9500091},
  Owner                    = {chufanlai},
  Timestamp                = {Tue, 12 Jul 2005 15:39:58 +0200},
  Url                      = {http://dx.doi.org/10.1057/palgrave.ivs.9500091}
}

@Article{Seo:2005:RFI:1103520.1103524,
  Title                    = {A Rank-by-feature Framework for Interactive Exploration of Multidimensional Data},
  Author                   = {Seo, Jinwook and Shneiderman, Ben},
  Journal                  = {Information Visualization},
  Year                     = {2005},

  Month                    = jul,
  Number                   = {2},
  Pages                    = {96--113},
  Volume                   = {4},

  __markedentry            = {[chufanlai:1]},
  Acmid                    = {1103524},
  Doi                      = {10.1057/palgrave.ivs.9500091},
  ISSN                     = {1473-8716},
  Issue_date               = {July 2005},
  Keywords                 = {dynamic query, exploratory data analysis, feature detection/selection, graphical displays, information visualization, rank-by-feature framework},
  Numpages                 = {18},
  Owner                    = {chufanlai},
  Publisher                = {Palgrave Macmillan},
  Timestamp                = {2016.03.12},
  Url                      = {http://dx.doi.org/10.1057/palgrave.ivs.9500091}
}

@InProceedings{DBLP:conf/vl/Shneiderman96,
  Title                    = {The Eyes Have It: {A} Task by Data Type Taxonomy for Information Visualizations},
  Author                   = {Ben Shneiderman},
  Booktitle                = {Proceedings of the 1996 {IEEE} Symposium on Visual Languages, Boulder,
 Colorado, USA, September 3-6, 1996},
  Year                     = {1996},
  Pages                    = {336--343},

  __markedentry            = {[chufanlai:3]},
  Bibsource                = {dblp computer science bibliography, http://dblp.org},
  Biburl                   = {http://dblp.uni-trier.de/rec/bib/conf/vl/Shneiderman96},
  Doi                      = {10.1109/VL.1996.545307},
  Owner                    = {chufanlai},
  Timestamp                = {Tue, 11 Aug 2015 15:15:52 +0200},
  Url                      = {http://dx.doi.org/10.1109/VL.1996.545307}
}

@Article{DBLP:journals/cgf/SipsNLH09,
  Title                    = {Selecting good views of high-dimensional data using class consistency},
  Author                   = {Mike Sips and
 Boris Neubert and
 John P. Lewis and
 Pat Hanrahan},
  Journal                  = {Comput. Graph. Forum},
  Year                     = {2009},
  Number                   = {3},
  Pages                    = {831--838},
  Volume                   = {28},

  __markedentry            = {[chufanlai:3]},
  Bibsource                = {dblp computer science bibliography, http://dblp.org},
  Biburl                   = {http://dblp.uni-trier.de/rec/bib/journals/cgf/SipsNLH09},
  Doi                      = {10.1111/j.1467-8659.2009.01467.x},
  Owner                    = {chufanlai},
  Timestamp                = {Thu, 10 Sep 2009 10:53:29 +0200},
  Url                      = {http://dx.doi.org/10.1111/j.1467-8659.2009.01467.x}
}

@InProceedings{Sips:2009:SGV:2421899.2421917,
  Title                    = {Selecting Good Views of High-dimensional Data Using Class Consistency},
  Author                   = {Sips, Mike and Neubert, Boris and Lewis, John P. and Hanrahan, Pat},
  Booktitle                = {Proceedings of the 11th Eurographics / IEEE - VGTC Conference on Visualization},
  Year                     = {2009},

  Address                  = {Chichester, UK},
  Pages                    = {831--838},
  Publisher                = {The Eurographs Association \&\#38; John Wiley \&\#38; Sons, Ltd.},
  Series                   = {EuroVis'09},

  __markedentry            = {[chufanlai:1]},
  Acmid                    = {2421917},
  Doi                      = {10.1111/j.1467-8659.2009.01467.x},
  Location                 = {Berlin, Germany},
  Numpages                 = {8},
  Owner                    = {chufanlai},
  Timestamp                = {2016.03.12},
  Url                      = {http://dx.doi.org/10.1111/j.1467-8659.2009.01467.x}
}

@Article{DBLP:journals/tvcg/StahnkeDMT16,
  Title                    = {Probing Projections: Interaction Techniques for Interpreting Arrangements
 and Errors of Dimensionality Reductions},
  Author                   = {Julian Stahnke and
 Marian D{\"{o}}rk and
 Boris M{\"{u}}ller and
 Andreas Thom},
  Journal                  = {{IEEE} Trans. Vis. Comput. Graph.},
  Year                     = {2016},
  Number                   = {1},
  Pages                    = {629--638},
  Volume                   = {22},

  __markedentry            = {[chufanlai:3]},
  Bibsource                = {dblp computer science bibliography, http://dblp.org},
  Biburl                   = {http://dblp.uni-trier.de/rec/bib/journals/tvcg/StahnkeDMT16},
  Doi                      = {10.1109/TVCG.2015.2467717},
  Owner                    = {chufanlai},
  Timestamp                = {Tue, 08 Mar 2016 09:04:39 +0100},
  Url                      = {http://dx.doi.org/10.1109/TVCG.2015.2467717}
}

@InProceedings{DBLP:conf/ieeevast/TatuAESTMK09,
  Title                    = {Combining automated analysis and visualization techniques for effective
 exploration of high-dimensional data},
  Author                   = {Andrada Tatu and
 Georgia Albuquerque and
 Martin Eisemann and
 J{\"{o}}rn Schneidewind and
 Holger Theisel and
 Marcus A. Magnor and
 Daniel A. Keim},
  Booktitle                = {Proceedings of the {IEEE} Symposium on Visual Analytics Science and
 Technology, {IEEE} {VAST} 2009, Atlantic City, New Jersey, USA, 11-16
 October 2009, part of VisWeek 2009},
  Year                     = {2009},
  Pages                    = {59--66},

  __markedentry            = {[chufanlai:3]},
  Bibsource                = {dblp computer science bibliography, http://dblp.org},
  Biburl                   = {http://dblp.uni-trier.de/rec/bib/conf/ieeevast/TatuAESTMK09},
  Doi                      = {10.1109/VAST.2009.5332628},
  Owner                    = {chufanlai},
  Timestamp                = {Tue, 18 Nov 2014 16:59:05 +0100},
  Url                      = {http://dx.doi.org/10.1109/VAST.2009.5332628}
}

@Article{tenenbaum2000global,
  Title                    = {A global geometric framework for nonlinear dimensionality reduction},
  Author                   = {Tenenbaum, Joshua B and De Silva, Vin and Langford, John C},
  Journal                  = {science},
  Year                     = {2000},
  Number                   = {5500},
  Pages                    = {2319--2323},
  Volume                   = {290},

  __markedentry            = {[chufanlai:2]},
  Owner                    = {chufanlai},
  Publisher                = {American Association for the Advancement of Science},
  Timestamp                = {2016.03.16}
}

@Article{Wilkinson:2006:HVA:1175891.1176151,
  Title                    = {High-Dimensional Visual Analytics: Interactive Exploration Guided by Pairwise Views of Point Distributions},
  Author                   = {Wilkinson, Leland and Anand, Anushka and Grossman, Robert},
  Journal                  = {IEEE Transactions on Visualization and Computer Graphics},
  Year                     = {2006},

  Month                    = nov,
  Number                   = {6},
  Pages                    = {1363--1372},
  Volume                   = {12},

  __markedentry            = {[chufanlai:1]},
  Acmid                    = {1176151},
  Address                  = {Piscataway, NJ, USA},
  Doi                      = {10.1109/TVCG.2006.94},
  ISSN                     = {1077-2626},
  Issue_date               = {November 2006},
  Keywords                 = {Visualization, Visualization, statistical graphics., statistical graphics.},
  Numpages                 = {10},
  Owner                    = {chufanlai},
  Publisher                = {IEEE Educational Activities Department},
  Timestamp                = {2016.03.12},
  Url                      = {http://dx.doi.org/10.1109/TVCG.2006.94}
}

@Article{DBLP:journals/tvcg/WilkinsonAG06,
  Title                    = {High-Dimensional Visual Analytics: Interactive Exploration Guided
 by Pairwise Views of Point Distributions},
  Author                   = {Leland Wilkinson and
 Anushka Anand and
 Robert L. Grossman},
  Journal                  = {{IEEE} Trans. Vis. Comput. Graph.},
  Year                     = {2006},
  Number                   = {6},
  Pages                    = {1363--1372},
  Volume                   = {12},

  __markedentry            = {[chufanlai:3]},
  Bibsource                = {dblp computer science bibliography, http://dblp.org},
  Biburl                   = {http://dblp.uni-trier.de/rec/bib/journals/tvcg/WilkinsonAG06},
  Doi                      = {10.1109/TVCG.2006.94},
  Owner                    = {chufanlai},
  Timestamp                = {Mon, 07 Mar 2016 17:32:02 +0100},
  Url                      = {http://dx.doi.org/10.1109/TVCG.2006.94}
}

@InProceedings{DBLP:conf/infovis/WilkinsonAG05,
  Title                    = {Graph-Theoretic Scagnostics},
  Author                   = {Leland Wilkinson and
 Anushka Anand and
 Robert L. Grossman},
  Booktitle                = {{IEEE} Symposium on Information Visualization (InfoVis 2005), 23-25
 October 2005, Minneapolis, MN, {USA}},
  Year                     = {2005},
  Pages                    = {21},

  __markedentry            = {[chufanlai:3]},
  Bibsource                = {dblp computer science bibliography, http://dblp.org},
  Biburl                   = {http://dblp.uni-trier.de/rec/bib/conf/infovis/WilkinsonAG05},
  Doi                      = {10.1109/INFOVIS.2005.14},
  Owner                    = {chufanlai},
  Timestamp                = {Mon, 01 Dec 2014 19:24:58 +0100},
  Url                      = {http://doi.ieeecomputersociety.org/10.1109/INFOVIS.2005.14}
}

@Article{DBLP:journals/tvcg/YuanRWG13,
  Title                    = {Dimension Projection Matrix/Tree: Interactive Subspace Visual Exploration
 and Analysis of High Dimensional Data},
  Author                   = {Xiaoru Yuan and
 Donghao Ren and
 Zuchao Wang and
 Cong Guo},
  Journal                  = {{IEEE} Trans. Vis. Comput. Graph.},
  Year                     = {2013},
  Number                   = {12},
  Pages                    = {2625--2633},
  Volume                   = {19},

  __markedentry            = {[chufanlai:3]},
  Bibsource                = {dblp computer science bibliography, http://dblp.org},
  Biburl                   = {http://dblp.uni-trier.de/rec/bib/journals/tvcg/YuanRWG13},
  Doi                      = {10.1109/TVCG.2013.150},
  Owner                    = {chufanlai},
  Timestamp                = {Fri, 15 Nov 2013 19:50:30 +0100},
  Url                      = {http://dx.doi.org/10.1109/TVCG.2013.150}
}

@Article{Yuan:2013:DPM:2553699.2553777,
  Title                    = {Dimension Projection Matrix/Tree: Interactive Subspace Visual Exploration and Analysis of High Dimensional Data},
  Author                   = {Yuan, Xiaoru and Ren, Donghao and Wang, Zuchao and Guo, Cong},
  Journal                  = {IEEE Transactions on Visualization and Computer Graphics},
  Year                     = {2013},

  Month                    = dec,
  Number                   = {12},
  Pages                    = {2625--2633},
  Volume                   = {19},

  __markedentry            = {[chufanlai:1]},
  Acmid                    = {2553777},
  Address                  = {Piscataway, NJ, USA},
  Doi                      = {10.1109/TVCG.2013.150},
  ISSN                     = {1077-2626},
  Issue_date               = {December 2013},
  Keywords                 = {High dimensional data, hierarchical visualization, sub-dimensional space, user interaction, subspace, tree, matrix},
  Numpages                 = {9},
  Owner                    = {chufanlai},
  Publisher                = {IEEE Educational Activities Department},
  Timestamp                = {2016.03.12},
  Url                      = {http://dx.doi.org/10.1109/TVCG.2013.150}
}

@Article{DBLP:journals/corr/cs-LG-0212008,
  Title                    = {Principal Manifolds and Nonlinear Dimension Reduction via Local Tangent
 Space Alignment},
  Author                   = {Zhenyue Zhang and
 Hongyuan Zha},
  Journal                  = {CoRR},
  Year                     = {2002},
  Volume                   = {cs.LG/0212008},

  __markedentry            = {[chufanlai:2]},
  Bibsource                = {dblp computer science bibliography, http://dblp.org},
  Biburl                   = {http://dblp.uni-trier.de/rec/bib/journals/corr/cs-LG-0212008},
  Owner                    = {chufanlai},
  Timestamp                = {Wed, 10 Oct 2012 21:29:01 +0200},
  Url                      = {http://arxiv.org/abs/cs.LG/0212008}
}

@Article{zhou2012research,
  Title                    = {Research on adaptive parameters determination in dbscan algorithm},
  Author                   = {Zhou, Hongfang and Wang, Peng and Li, Hongyan},
  Journal                  = {Journal of Information \& Computational Science},
  Year                     = {2012},
  Number                   = {7},
  Pages                    = {1967--1973},
  Volume                   = {9},

  __markedentry            = {[chufanlai:2]},
  Owner                    = {chufanlai},
  Timestamp                = {2016.03.19}
}

@Misc{autompg,
  Title                    = {{UCI Machine Learning Repository}},
  HowPublished             = {\url{http://archive.ics.uci.edu/ml/machine-learning-databases/auto-mpg/auto-mpg.data}},

  __markedentry            = {[chufanlai:2]},
  Owner                    = {chufanlai},
  Timestamp                = {2016.01.29}
}

@Proceedings{DBLP:conf/ieeevast/2012,
  Title                    = {2012 {IEEE} Conference on Visual Analytics Science and Technology,
 {VAST} 2012, Seattle, WA, USA, October 14-19, 2012},
  Year                     = {2012},
  Publisher                = {{IEEE} Computer Society},

  __markedentry            = {[chufanlai:2]},
  Bibsource                = {dblp computer science bibliography, http://dblp.org},
  Biburl                   = {http://dblp.uni-trier.de/rec/bib/conf/ieeevast/2012},
  ISBN                     = {978-1-4673-4752-5},
  Owner                    = {chufanlai},
  Timestamp                = {Tue, 18 Nov 2014 16:59:05 +0100},
  Url                      = {http://ieeexplore.ieee.org/xpl/mostRecentIssue.jsp?punumber=6381601}
}

@Proceedings{DBLP:conf/ieeevast/2010,
  Title                    = {Proceedings of the {IEEE} Conference on Visual Analytics Science and
 Technology, {IEEE} {VAST} 2010, Salt Lake City, Utah, USA, 24-29 October
 2010, part of VisWeek 2010},
  Year                     = {2010},
  Publisher                = {{IEEE} Computer Society},

  __markedentry            = {[chufanlai:2]},
  Bibsource                = {dblp computer science bibliography, http://dblp.org},
  Biburl                   = {http://dblp.uni-trier.de/rec/bib/conf/ieeevast/2010},
  ISBN                     = {978-1-4244-9488-0},
  Owner                    = {chufanlai},
  Timestamp                = {Tue, 18 Nov 2014 16:59:05 +0100},
  Url                      = {http://ieeexplore.ieee.org/xpl/mostRecentIssue.jsp?punumber=5638583}
}

@comment{jabref-meta: groupsversion:3;}

@comment{jabref-meta: groupstree:
0 AllEntriesGroup:;
1 ExplicitGroup:Local Data Analysis\;0\;DBLP:journals/tvcg/YuanRWG13\;
;
1 ExplicitGroup:Interactive Projection Analysis\;0\;DBLP:journals/tvcg
/ElmqvistDF08\;DBLP:journals/tvcg/HuBMHNL13\;DBLP:journals/tvcg/Lehman
nT13\;DBLP:journals/tvcg/NamM13\;;
1 ExplicitGroup:Dimension-Reduced Projection\;0\;DBLP:journals/cgf/Sip
sNLH09\;DBLP:journals/ivs/SeoS05\;DBLP:journals/tc/FriedmanT74\;;
}

